@article{algeri2020searching,
  title={Searching for new phenomena with profile likelihood ratio tests},
  author={Algeri, Sara and Aalbers, Jelle and Mor{\aa}, Knut Dundas and Conrad, Jan},
  journal={Nature reviews physics},
  volume={2},
  number={5},
  pages={245--252},
  year={2020},
  publisher={Nature Publishing Group UK London}
}
@article{cowan2011asymptotic,
  title={Asymptotic formulae for likelihood-based tests of new physics},
  author={Cowan, Glen and Cranmer, Kyle and Gross, Eilam and Vitells, Ofer},
  journal={The European Physical Journal C},
  volume={71},
  pages={1--19},
  year={2011},
  publisher={Springer}
}